@inproceedings{tullis2004comparison,
  title={A comparison of questionnaires for assessing website usability},
  author={Tullis, Thomas S and Stetson, Jacqueline N},
  booktitle={Usability Professional Association Conference},
  year={2004}
}

@book{stone2005user,
  title={User interface design and evaluation},
  author={Stone, Debbie and Jarrett, Caroline and Woodroffe, Mark and Minocha, Shailey},
  year={2005},
  publisher={Morgan Kaufmann}
}

@article{molich1990improving,
  title={Improving a human-computer dialogue},
  author={Molich, Rolf and Nielsen, Jakob},
  journal={Communications of the ACM},
  volume={33},
  number={3},
  pages={338--348},
  year={1990},
  publisher={ACM}
}


@book{brown2007communicating,
  title={Communicating Design: Developing Web Site Documentation for Design And Planning},
  author={Brown, D.M.},
  isbn={9780321392350},
  lccn={2006299465},
  url= "\url{http://books.google.cz/books?id=aeVQAAAAMAAJ}",
  year={2007},
  publisher={Peachpit Press/New Riders}
}

@book{galitz2007essential,
  title={The essential guide to user interface design: an introduction to GUI design principles and techniques},
  author={Galitz, Wilbert O},
  year={2007},
  publisher={Wiley}
}


@article{toby2001expgui,
  title={EXPGUI, a graphical user interface for GSAS},
  author={Toby, Brian H},
  journal={Journal of Applied Crystallography},
  volume={34},
  number={2},
  pages={210--213},
  year={2001},
  publisher={International Union of Crystallography}
}


@article{iyengar2004much,
  title={How much choice is too much? Contributions to 401 (k) retirement plans},
  author={Iyengar, Sheena S and Huberman, Gur and Jiang, Wei},
  journal={Pension design and structure: New lessons from behavioral finance},
  pages={83--96},
  year={2004},
  publisher={Oxford, United Kingdom: Oxford University Press}
}


@article{oreilly2007web,
  title={What is Web 2.0: Design patterns and business models for the next generation of software},
  author={Oreilly, Tim},
  journal={Communications \& strategies},
  number={1},
  pages={17},
  year={2007}
}


@book{josuttis2007soa,
  title={SOA in Practice},
  author={Josuttis, Nicolai},
  year={2007},
  publisher={O'reilly}
}

@article{liu2006research,
  title={Research of lightweight Web application based on Spring MVC and iBATIS frameworks [J]},
  author={LIU, Jun and DAI, Jin-shan},
  journal={Journal of Computer Applications},
  volume={4},
  pages={026},
  year={2006}
}

@book{harris2011sinatra,
  title ={Sinatra: Up and Running},
  author ={Harris, Alan and Haase, Konstantin},
  year ={2011},
  publisher = {O'Reilly Media}
}

@ONLINE{website:wiki:heureka,
 author = "Contributors Wikipedia",
 title = "Heureka.cz",
 cited = "6.\,1.\,2013",
 year = 2013,
 url = "\url{http://cs.wikipedia.org/wiki/Heureka.cz}"
}

@ONLINE{website:pricegrabber-api,
 author = "Programmable Web",
 title = "PriceGrabber API",
 cited = "6.\,4.\,2013",
 year = 2013,
 url = "\url{http://www.programmableweb.com/api/pricegrabber}"
}

@ONLINE{website:heureka:registrace-obchodu,
 author = "Heureka",
 title = "Registrace obchodu",
 cited = "20.\,4.\,2013",
 year = 2013,
 url = "\url{http://sluzby.heureka.cz/napoveda/co-potrebuji-k-registraci/}"
}

@ONLINE{website:zbozi-about,
 author = "Seznam.cz",
 title = "Zboží.cz",
 cited = "20.\,4.\,2013",
 year = 2013,
 url = "\url{http://web.seznam.cz/cz/zbozi-cz.html}"
}

@ONLINE{website:wiki:pricegrabber,
 author = "Contributors Wikipedia",
 title = "PriceGrabber",
 cited = "28.\,4.\,2013",
 year = 2013,
 url = "\url{http://en.wikipedia.org/wiki/PriceGrabber}"
}

@ONLINE{website:wiki:ror,
 author = "Contributors Wikipedia",
 title = "Ruby on Rails",
 cited = "28.\,4.\,2013",
 year = 2013,
 url = "\url{http://en.wikipedia.org/wiki/Ruby_on_Rails}"
}

@ONLINE{website:wiki:hierarchical-queries,
 author = "Contributors Wikipedia",
 title = "Hierarchical and recursive queries in SQL",
 cited = "6.\,1.\,2013",
 year = 2013,
 url = "\url{http://en.wikipedia.org/wiki/Hierarchical_and_recursive_queries_in_SQL}"
}

@ONLINE{website:amazon:plugin,
 author = "Amazon.com",
 title = "Amazon Wish List",
 cited = "3.\,3.\,2013",
 year = 2013,
 url = "\url{http://www.amazon.com/gp/wishlist/universal/}"
}

@ONLINE{website:wiki:bootstrap,
 author = "Contributors Wikipedia",
 title = "Twitter Bootstrap",
 cited = "30.\,4.\,2013",
 year = 2013,
 url = "\url{http://en.wikipedia.org/wiki/Twitter_Bootstrap}"
}

@ONLINE{website:boilerplate,
 author = "Nicolas Gallagher",
 title = "HTML 5 Boilerplate",
 cited = "30.\,4.\,2013",
 year = 2013,
 url = "\url{http://html5boilerplate.com/}"
}

@ONLINE{website:github-popular,
 author = "Github",
 title = "Popular Starred Repositories",
 cited = "30.\,4.\,2013",
 year = 2013,
 url = "\url{https://github.com/popular/starred}"
}

@ONLINE{website:github-bootstrap-saas,
 author = "Thomas McDonald",
 title = "bootstrap-sass",
 cited = "30.\,4.\,2013",
 year = 2013,
 url = "\url{https://github.com/thomas-mcdonald/bootstrap-sass}"
}

@ONLINE{website:boilerplate-history,
 author = "Tony J Camp",
 title = "HTML 5 Boilerplate history",
 cited = "30.\,4.\,2013",
 year = 2012,
 url = "\url{https://github.com/h5bp/html5-boilerplate/wiki/history}"
}

@ONLINE{website:bootstrap-example,
 author = "Twitter Bootstrap",
 title = "Bootstrap Example",
 cited = "30.\,4.\,2013",
 year = 2013,
 url = "\url{http://twitter.github.io/bootstrap/examples/hero.html}"
}

@ONLINE{website:oracle:hierarchical,
 author = "Oracle",
 title = "Oracle Database SQL Referencer  Hierarchical Queries",
 cited = "28.\,4.\,2013",
 year = 2013,
 url = "\url{http://docs.oracle.com/cd/B19306\_01/server.102/b14200/queries003.htm}"
}

@ONLINE{website:oreilly:unit-testing,
 author = "Steven Feuerstein",
 title = "The Importance of Unit Testing",
 cited = "28.\,4.\,2013",
 year = 2001,
 url = "\url{http://www.oreillynet.com/pub/a/oreilly/oracle/utplsql/news/fulldoc.html}"
}

@ONLINE{website:java-ruby-performance,
 author = "Dhananjay Nene",
 title = "Performance Comparison - C++ / Java / Python / Ruby/ Jython / JRuby / Groovy",
 cited = "28.\,4.\,2013",
 year = 2008,
 url = "\url{http://blog.dhananjaynene.com/2008/07/performance-comparison-c-java-python-ruby-jython-jruby-groovy/}"
}

@ONLINE{website:twitter-ruby-java,
 author = "Charles Humble",
 title = "Twitter’s Shift from Ruby to Java Helps it Survive US Election",
 cited = "28.\,4.\,2013",
 year = 2012,
 url = "\url{http://www.infoq.com/news/2012/11/twitter-ruby-to-java}"
}

@ONLINE{website:ruby-toolbox-web,
 author = "The Ruby Toolbox",
 title = "Web App Frameworks",
 cited = "28.\,4.\,2013",
 year = 2013,
 url = "\url{https://www.ruby-toolbox.com/categories/web_app_frameworks}"
}

@ONLINE{website:ruby-rails-documentation,
 author = "Ruby on",
 title = "Ruby on Rails: Documentation",
 cited = "28.\,4.\,2013",
 year = 2013,
 url = "\url{http://rubyonrails.org/documentation}"
}



@misc{pdf:gartner,
 author = "Gartner",
 title = "Magic Quadrant for Application Infrastructure for Systematic Application Integration Projects",
 year = 2012,
 month = 6,
 howpublished = "\url{http://www.gartner.com/technology/reprints.do?id=1-1B3EUM5&ct=120627&st=sb}"
}

@misc{pdf:understand_webmethods,
 author = "SoftwareAG",
 title = "Understanding the webMethods Product Suite",
 year = 2010,
 month = 1,
 howpublished = "\url{documentation.softwareag.com/webmethods/wmsuites/wmsuite8_ga/Cross_Product/8-0_Understanding_webMethods_Product_Suite.pdf}"
}

@misc{pdf:tibco_business_works,
 author = "TIBCO",
 title = "TIBCO ActiveMatrix BusinessWorks - Concepts",
 year = 2011,
 month = 5,
 howpublished = "\url{https://docs.tibco.com/pub/activematrix_businessworks/5.9.2_may_2011/pdf/tib_bw_concepts.pdf}"
}

@misc{pdf:ibm_using_web_sphere,
 author = "IBM",
 title = "Using IBM WebSphere Enterprise Service Bus",
 year = 2011,
 month = 5,
 howpublished = "\url{http://publibfp.dhe.ibm.com/epubs/pdf/c3472361.pdf}"
}

@mastersthesis{thesis:flamik,
 author    = "Bc. Martin Flamík",
 title     = "Heuristické hodnocení použitelnosti vybraných turistických analogových map",
 school    = "Univerzita Pardubice, Fakulta ekonomicko-správní, Ústav systémového inženýrství a informatiky",
 year      = "2012",
 howpublished = "\url{http://dspace.upce.cz/bitstream/10195/45834/3/FlamikM_Heuristickehodnoceni_PS_2012.pdf}"
}

@article{article:comparsion,
    author    = "Rakesh Gupta",
    title     = "Enterprise Service Bus Capabilities Comparison",
    journal   = "Project performance corp.",
    volume   = "1",
    pages    = "1-21",
    year      = "2008",
}
